
@article{ WOS:000179773700051,
Author = {Knapp, AK and Fay, PA and Blair, JM and Collins, SL and Smith, MD and
   Carlisle, JD and Harper, CW and Danner, BT and Lett, MS and McCarron, JK},
Title = {Rainfall variability, carbon cycling, and plant species diversity in a
   mesic grassland},
Journal = {SCIENCE},
Year = {2002},
Volume = {298},
Number = {5601},
Pages = {2202-2205},
Month = {DEC 13},
DOI = {10.1126/science.1076347},
ISSN = {0036-8075},
EISSN = {1095-9203},
ResearcherID-Numbers = {Noojipady, Praveen/B-2511-2010
   Collins, Scott L/P-7742-2014
   Smith, Melinda D/J-8987-2014
   Blair, John M/I-4082-2014
   Knapp, Alan K/A-2931-2008
   Fay, Philip A./I-1853-2012},
ORCID-Numbers = {Collins, Scott L/0000-0002-0193-2892
   Blair, John M/0000-0003-0072-0721
   Fay, Philip A./0000-0002-8291-6316},
Unique-ID = {WOS:000179773700051},
}


@article{ WOS:000370959100030,
Author = {Smith, Nicholas G. and Schuster, Michael J. and Dukes, Jeffrey S.},
Title = {Rainfall variability and nitrogen addition synergistically reduce plant
   diversity in a restored tallgrass prairie},
Journal = {JOURNAL OF APPLIED ECOLOGY},
Year = {2016},
Volume = {53},
Number = {2},
Pages = {579-586},
Month = {APR},
DOI = {10.1111/1365-2664.12593},
ISSN = {0021-8901},
EISSN = {1365-2664},
ResearcherID-Numbers = {Dukes, Jeffrey S/C-9765-2009
   Dukes, Jeffrey/AAD-8791-2019
   Smith, Nick/AAH-9447-2019
   Smith, Nicholas/B-7126-2015
   },
ORCID-Numbers = {Dukes, Jeffrey S/0000-0001-9482-7743
   Smith, Nick/0000-0001-7048-4387
   Smith, Nicholas/0000-0001-7048-4387
   Schuster, Michael/0000-0001-8978-2608},
Unique-ID = {WOS:000370959100030},
}

@article{ WOS:000304256500021,
Author = {Perez-Camacho, Lorenzo and Rebollo, Salvador and Hernandez-Santana,
   Virginia and Garcia-Salgado, Gonzalo and Pavon-Garcia, Javier and
   Gomez-Sal, Antonio},
Title = {Plant functional trait responses to interannual rainfall variability,
   summer drought and seasonal grazing in Mediterranean herbaceous
   communities},
Journal = {FUNCTIONAL ECOLOGY},
Year = {2012},
Volume = {26},
Number = {3},
Pages = {740-749},
Month = {JUN},
DOI = {10.1111/j.1365-2435.2012.01967.x},
ISSN = {0269-8463},
EISSN = {1365-2435},
ResearcherID-Numbers = {GARCIA-SALGADO, GONZALO/F-7122-2019
   Hernandez-Santana, V./B-4193-2014
   Sal, Antonio Gomez/AAA-1207-2019
   Rebollo, Salvador/L-6451-2014
   Pérez-Camacho, Lorenzo/L-6093-2014
   },
ORCID-Numbers = {GARCIA-SALGADO, GONZALO/0000-0002-4729-5710
   Hernandez-Santana, V./0000-0001-9018-8622
   Rebollo, Salvador/0000-0001-8797-1122
   Perez-Camacho, Lorenzo/0000-0002-0723-055X},
Unique-ID = {WOS:000304256500021},
}

@article{ WOS:000882956300001,
Author = {Vargas-Colin, Alexa and Flores, Joel and Romo-Campos, Rosa and
   Douterlungne, David and Yanez-Espinosa, Laura and Gonzalez, Jose M. and
   Luzuriaga, Arantzazu L.},
Title = {Changes in rainfall amount and seasonality modulate taxonomic,
   functional, and phylogenetic diversity in a gypsophilous plant community
   in the Chihuahuan Desert},
Journal = {PLANT ECOLOGY \& DIVERSITY},
Year = {2022},
Volume = {15},
Number = {5-6, SI},
Pages = {265-280},
Month = {DEC 5},
DOI = {10.1080/17550874.2022.2130017},
EarlyAccessDate = {NOV 2022},
ISSN = {1755-0874},
EISSN = {1755-1668},
ResearcherID-Numbers = {Yáñez-Espinosa, Laura/AAV-2337-2020
   Luzuriaga, Arantzazu/A-3734-2009
   Gonzalez, Jose M./A-3835-2009
   Douterlungne, David/N-8473-2016},
ORCID-Numbers = {Yáñez-Espinosa, Laura/0000-0001-5211-3603
   Luzuriaga, Arantzazu/0000-0001-5023-7813
   Flores, Joel/0000-0001-8856-6022
   Vargas Colin, Alexa/0000-0002-5887-6465
   Gonzalez, Jose M./0000-0001-7289-8321
   Douterlungne, David/0000-0001-8254-7875},
Unique-ID = {WOS:000882956300001},
}

@article{ WOS:000528165000001,
Author = {Brambila, Alejandro and Chesnut, John W. and Prugh, Laura R. and
   Hallett, Lauren M.},
Title = {Herbivory enhances the effect of environmental variability on plant
   community composition and beta diversity},
Journal = {JOURNAL OF VEGETATION SCIENCE},
Year = {2020},
Volume = {31},
Number = {5},
Pages = {744-754},
Month = {SEP},
DOI = {10.1111/jvs.12862},
EarlyAccessDate = {APR 2020},
ISSN = {1100-9233},
EISSN = {1654-1103},
ResearcherID-Numbers = {HALLETT, LAUREN/R-1560-2017},
ORCID-Numbers = {Brambila, Alejandro/0000-0002-5885-7045
   HALLETT, LAUREN/0000-0002-0718-0257},
Unique-ID = {WOS:000528165000001},
}

@article{ WOS:000364519000002,
Author = {Gherardi, Laureano A. and Sala, Osvaldo E.},
Title = {Enhanced interannual precipitation variability increases plant
   functional diversity that in turn ameliorates negative impact on
   productivity},
Journal = {ECOLOGY LETTERS},
Year = {2015},
Volume = {18},
Number = {12},
Pages = {1293-1300},
Month = {DEC},
DOI = {10.1111/ele.12523},
ISSN = {1461-023X},
EISSN = {1461-0248},
ORCID-Numbers = {Sala, Osvaldo/0000-0003-0142-9450},
Unique-ID = {WOS:000364519000002},
}

@article{ WOS:000614109800017,
Author = {Ploughe, Laura W. and Smith, Nicholas G. and Schuster, Michael J. and
   Dukes, Jeffrey S.},
Title = {Increased rainfall variability and nitrogen deposition accelerate
   succession along a common sere},
Journal = {ECOSPHERE},
Year = {2021},
Volume = {12},
Number = {1},
Month = {JAN},
DOI = {10.1002/ecs2.3313},
Article-Number = {e03313},
ISSN = {2150-8925},
ResearcherID-Numbers = {Smith, Nicholas/B-7126-2015
   },
ORCID-Numbers = {Smith, Nicholas/0000-0001-7048-4387
   Dukes, Jeffrey/0000-0001-9482-7743
   Ploughe, Laura/0000-0002-8421-1299},
Unique-ID = {WOS:000614109800017},
}

@article{ WOS:000515864600013,
Author = {Seymour, Colleen L. and Milton, Suzanne J. and Altwegg, Res and Joseph,
   Grant S. and Dean, W. Richard J.},
Title = {Addition of Nitrogen Increases Variability of Vegetation Cover in an
   Arid System with Unpredictable Rainfall},
Journal = {ECOSYSTEMS},
Year = {2020},
Volume = {23},
Number = {1},
Pages = {175-187},
Month = {JAN},
DOI = {10.1007/s10021-019-00396-4},
ISSN = {1432-9840},
EISSN = {1435-0629},
ORCID-Numbers = {Altwegg, Res/0000-0002-4083-6561
   Seymour, Colleen/0000-0002-6729-2576},
Unique-ID = {WOS:000515864600013},
}

@article{ WOS:000454710200004,
Author = {Zhu, Hui and Wang, Wenhui and Qu, Yekuan and Fu, Jun and Jiang, Siqi and
   Wang, Deli and Kaplan, Ian and Ren, Bingzhong},
Title = {Resource-mediated effects of grazing and irrigation on insect diversity
   in a meadow steppe},
Journal = {INSECT CONSERVATION AND DIVERSITY},
Year = {2019},
Volume = {12},
Number = {1},
Pages = {29-38},
Month = {JAN},
DOI = {10.1111/icad.12304},
ISSN = {1752-458X},
EISSN = {1752-4598},
Unique-ID = {WOS:000454710200004},
}

@article{ WOS:000328544600006,
Author = {Koerner, Sally E. and Collins, Scott L. and Blair, John M. and Knapp,
   Alan K. and Smith, Melinda D.},
Title = {Rainfall variability has minimal effects on grassland recovery from
   repeated grazing},
Journal = {JOURNAL OF VEGETATION SCIENCE},
Year = {2014},
Volume = {25},
Number = {1},
Pages = {36-44},
Month = {JAN},
DOI = {10.1111/jvs.12065},
ISSN = {1100-9233},
EISSN = {1654-1103},
ResearcherID-Numbers = {Blair, John M/I-4082-2014
   Knapp, Alan K/A-2931-2008
   Smith, Melinda D/J-8987-2014
   Koerner, Sally E./I-1701-2019
   Collins, Scott L/P-7742-2014},
ORCID-Numbers = {Blair, John M/0000-0003-0072-0721
   Koerner, Sally E./0000-0001-6403-7513
   Collins, Scott L/0000-0002-0193-2892},
Unique-ID = {WOS:000328544600006},
}

@article{ WOS:000264568200009,
Author = {Miranda, Juan de Dios and Padilla, F. M. and Lazaro, R. and Pugnaire, I,
   F.},
Title = {Do changes in rainfall patterns affect semiarid annual plant
   communities?},
Journal = {JOURNAL OF VEGETATION SCIENCE},
Year = {2009},
Volume = {20},
Number = {2},
Pages = {269-276},
Month = {APR},
DOI = {10.1111/j.1654-1103.2009.05680.x},
ISSN = {1100-9233},
EISSN = {1654-1103},
ResearcherID-Numbers = {Padilla, Francisco/C-5204-2009
   Suau, Roberto Lázaro/S-1428-2019
   Lázaro, Roberto/D-3479-2013
   Miranda, Juande/C-4485-2011
   Pugnaire, Francisco I./A-7150-2008},
ORCID-Numbers = {Padilla, Francisco/0000-0003-1021-0258
   Suau, Roberto Lázaro/0000-0001-7940-9594
   Lázaro, Roberto/0000-0001-7940-9594
   Miranda, Juande/0000-0003-3056-0247
   Pugnaire, Francisco I./0000-0002-1227-6827},
Unique-ID = {WOS:000264568200009},
}

@article{ WOS:000476224300001,
Author = {Mazzochini, Guilherme G. and Fonseca, Carlos R. and Costa, Gabriel C.
   and Santos, Rubens M. and Oliveira-Filho, Ary T. and Ganade, Gislene},
Title = {Plant phylogenetic diversity stabilizes large-scale ecosystem
   productivity},
Journal = {GLOBAL ECOLOGY AND BIOGEOGRAPHY},
Year = {2019},
Volume = {28},
Number = {10},
Pages = {1430-1439},
Month = {OCT},
DOI = {10.1111/geb.12963},
EarlyAccessDate = {JUL 2019},
ISSN = {1466-822X},
EISSN = {1466-8238},
ResearcherID-Numbers = {Mazzochini, Guilherme Gerhardt/D-1077-2017
   Santos, Rubens/ABG-1153-2021
   Ganade, Gislene/F-4863-2016
   Fonseca, Carlos Roberto/V-5869-2017},
ORCID-Numbers = {Mazzochini, Guilherme Gerhardt/0000-0002-6932-8544
   Santos, Rubens/0000-0002-4075-462X
   Ganade, Gislene/0000-0002-9291-1025
   Fonseca, Carlos Roberto/0000-0003-0292-0399},
Unique-ID = {WOS:000476224300001},
}

@article{ WOS:000371637000003,
Author = {Schuster, Michael J.},
Title = {Increased rainfall variability and N addition accelerate litter
   decomposition in a restored prairie},
Journal = {OECOLOGIA},
Year = {2016},
Volume = {180},
Number = {3},
Pages = {645-655},
Month = {MAR},
DOI = {10.1007/s00442-015-3396-1},
ISSN = {0029-8549},
EISSN = {1432-1939},
ORCID-Numbers = {Schuster, Michael/0000-0001-8978-2608},
Unique-ID = {WOS:000371637000003},
}

@article{ WOS:000671267400001,
Author = {Louhaichi, Mounir and Gamoun, Mouldi and Ben Salem, Farah and Belgacem,
   Azaiez Ouled},
Title = {Rangeland Biodiversity and Climate Variability: Supporting the Need for
   Flexible Grazing Management},
Journal = {SUSTAINABILITY},
Year = {2021},
Volume = {13},
Number = {13},
Month = {JUL},
DOI = {10.3390/su13137124},
Article-Number = {7124},
EISSN = {2071-1050},
ORCID-Numbers = {Gamoun, Mouldi/0000-0003-0049-623X
   Gamoun, Mouldi/0000-0003-3714-7674
   Louhaichi, Mounir/0000-0002-4543-7631},
Unique-ID = {WOS:000671267400001},
}

@article{ WOS:000425822800009,
Author = {Zhang, Zhengzhong and Shan, Lishan and Li, Yi},
Title = {Prolonged dry periods between rainfall events shorten the growth period
   of the resurrection plant Reaumuria soongorica},
Journal = {ECOLOGY AND EVOLUTION},
Year = {2018},
Volume = {8},
Number = {2},
Pages = {920-927},
Month = {JAN},
DOI = {10.1002/ece3.3614},
ISSN = {2045-7758},
Unique-ID = {WOS:000425822800009},
}

@article{ WOS:000363339300026,
Author = {Le Bagousse-Pinguet, Yoann and Boerger, Luca and Quero, Jose-Luis and
   Garcia-Gomez, Miguel and Soriano, Sara and Maestre, Fernando T. and
   Gross, Nicolas},
Title = {Traits of neighbouring plants and space limitation determine
   intraspecific trait variability in semi-arid shrublands},
Journal = {JOURNAL OF ECOLOGY},
Year = {2015},
Volume = {103},
Number = {6},
Pages = {1647-1657},
Month = {NOV},
DOI = {10.1111/1365-2745.12480},
ISSN = {0022-0477},
EISSN = {1365-2745},
ResearcherID-Numbers = {Le Bagousse-Pinguet, Yoann/I-2413-2016
   Maestre, Fernando T./A-6825-2008
   Gross, Nicolas/I-2368-2016
   Quero, José Luis/M-1074-2013
   Börger, Luca/C-6003-2008
   Alvarez, Sergio/H-9727-2015},
ORCID-Numbers = {Le Bagousse-Pinguet, Yoann/0000-0002-5615-5541
   Maestre, Fernando T./0000-0002-7434-4856
   Gross, Nicolas/0000-0001-9730-3240
   Quero, José Luis/0000-0001-5553-506X
   Börger, Luca/0000-0001-8763-5997
   Alvarez, Sergio/0000-0001-7204-502X},
Unique-ID = {WOS:000363339300026},
}

@article{ WOS:000399738700041,
Author = {O'Brien, Michael J. and Pugnaire, Francisco I. and Armas, Cristina and
   Rodriguez-Echeverria, Susana and Schob, Christian},
Title = {The shift from plant-plant facilitation to competition under severe
   water deficit is spatially explicit},
Journal = {ECOLOGY AND EVOLUTION},
Year = {2017},
Volume = {7},
Number = {7},
Pages = {2441-2448},
Month = {APR},
DOI = {10.1002/ece3.2875},
ISSN = {2045-7758},
ResearcherID-Numbers = {Armas, Cristina/A-1128-2012
   Schöb, Christian/B-6083-2008
   O'Brien, Michael/V-6548-2017
   Pugnaire, Francisco I./A-7150-2008
   Rodriguez-Echeverria, Susana/I-1730-2015},
ORCID-Numbers = {Armas, Cristina/0000-0003-0356-8075
   Schöb, Christian/0000-0003-4472-2286
   O'Brien, Michael/0000-0003-0943-8423
   Pugnaire, Francisco I./0000-0002-1227-6827
   Rodriguez-Echeverria, Susana/0000-0002-2058-3229},
Unique-ID = {WOS:000399738700041},
}

@article{ WOS:000345328400010,
Author = {Ulrich, Werner and Soliveres, Santiago and Maestre, Fernando T. and
   Gotelli, Nicholas J. and Quero, Jose L. and Delgado-Baquerizo, Manuel
   and Bowker, Matthew A. and Eldridge, David J. and Ochoa, Victoria and
   Gozalo, Beatriz and Valencia, Enrique and Berdugo, Miguel and Escolar,
   Cristina and Garcia-Gomez, Miguel and Escudero, Adrian and Prina, Anibal
   and Alfonso, Graciela and Arredondo, Tulio and Bran, Donaldo and
   Cabrera, Omar and Cea, Alex P. and Chaieb, Mohamed and Contreras, Jorge
   and Derak, Mchich and Espinosa, Carlos I. and Florentino, Adriana and
   Gaitan, Juan and Garcia Muro, Victoria and Ghiloufi, Wahida and
   Gomez-Gonzalez, Susana and Gutierrez, Julio R. and Hernandez, Rosa M.
   and Huber-Sannwald, Elisabeth and Jankju, Mohammad and Mau, Rebecca L.
   and Hughes, Frederic Mendes and Miriti, Maria and Monerris, Jorge and
   Muchane, Muchai and Naseri, Kamal and Pucheta, Eduardo and
   Ramirez-Collantes, David A. and Raveh, Eran and Romao, Roberto L. and
   Torres-Diaz, Cristian and Val, James and Pablo Veiga, Jose and Wang,
   Deli and Yuan, Xia and Zaady, Eli},
Title = {Climate and soil attributes determine plant species turnover in global
   drylands},
Journal = {JOURNAL OF BIOGEOGRAPHY},
Year = {2014},
Volume = {41},
Number = {12},
Pages = {2307-2319},
Month = {DEC},
DOI = {10.1111/jbi.12377},
ISSN = {0305-0270},
EISSN = {1365-2699},
ResearcherID-Numbers = {Gómez-González, Susana/AAL-2631-2021
   Gutierrez, Julio R/A-8367-2011
   Farzam, Mohammad/AAU-7275-2020
   Cabrera, Omar/V-6526-2019
   Maestre, Fernando T./A-6825-2008
   Huber-Sannwald, Elisabeth/D-2507-2009
   Quero, José Luis/M-1074-2013
   Valencia, Enrique/AAR-1438-2021
   Chaieb, Mohamed/AAM-9869-2020
   GOMEZ-GONZALEZ, SUSANA/J-7637-2018
   Hughes, Frederic Mendes/M-8830-2018
   DELGADO-BAQUERIZO, MANUEL/GLS-0346-2022
   Bowker, Matthew/B-6258-2014
   Delgado-Baquerizo, Manuel/L-3653-2017
   Codina, Santiago Soliveres/A-2291-2016
   Arredondo Moreno, José/A-9972-2015
   Hernández, Rosa/GRF-5998-2022
   Eldridge, David/H-3532-2019
   Espinosa, Carlos Ivan/AAI-1305-2019
   Veiga, José/AAV-1687-2020
   Escudero, Adrián/H-5046-2015
   Alvarez, Sergio/H-9727-2015
   Ramirez, David/Q-5522-2017
   },
ORCID-Numbers = {Gómez-González, Susana/0000-0002-3779-8701
   Farzam, Mohammad/0000-0003-1947-0187
   Maestre, Fernando T./0000-0002-7434-4856
   Quero, José Luis/0000-0001-5553-506X
   GOMEZ-GONZALEZ, SUSANA/0000-0002-3779-8701
   DELGADO-BAQUERIZO, MANUEL/0000-0002-6499-576X
   Bowker, Matthew/0000-0002-5891-0264
   Delgado-Baquerizo, Manuel/0000-0002-6499-576X
   Codina, Santiago Soliveres/0000-0001-9661-7192
   Arredondo Moreno, José/0000-0003-1969-9942
   Eldridge, David/0000-0002-2191-486X
   Espinosa, Carlos Ivan/0000-0002-5330-4505
   Escudero, Adrián/0000-0002-1427-5465
   Alvarez, Sergio/0000-0001-7204-502X
   Ramirez, David/0000-0003-4546-9745
   Muchai, Muchane/0000-0002-2387-4486
   bran, donaldo/0000-0001-7749-2726
   Valencia, Enrique/0000-0003-3359-0759
   Wahida, Ghiloufi/0000-0002-9995-3930
   Berdugo, Miguel/0000-0003-1053-8907
   Hernandez Hernandez, Rosa Mary/0000-0003-0689-8862
   Hughes, Frederic Mendes/0000-0002-5835-953X
   Huber- Sannwald, Elisabeth/0000-0002-8321-1270
   Raveh, Eran/0000-0001-7488-9197
   gaitan, juan/0000-0003-2889-1418
   Ulrich, Werner/0000-0002-8715-6619
   Prina, Anibal/0000-0003-3522-9342
   Gutierrez, Julio/0000-0002-1099-1341},
Unique-ID = {WOS:000345328400010},
}

@article{ WOS:000322180000019,
Author = {Baez, Selene and Collins, Scott L. and Pockman, William T. and Johnson,
   Jennifer E. and Small, Eric E.},
Title = {Effects of experimental rainfall manipulations on Chihuahuan Desert
   grassland and shrubland plant communities},
Journal = {OECOLOGIA},
Year = {2013},
Volume = {172},
Number = {4},
Pages = {1117-1127},
Month = {AUG},
DOI = {10.1007/s00442-012-2552-0},
ISSN = {0029-8549},
EISSN = {1432-1939},
ResearcherID-Numbers = {Collins, Scott L/P-7742-2014
   Small, eric/K-6007-2015
   Pockman, William T/D-4086-2014
   },
ORCID-Numbers = {Collins, Scott L/0000-0002-0193-2892
   Pockman, William T/0000-0002-3286-0457
   Small, ERIC/0000-0002-5010-4954},
Unique-ID = {WOS:000322180000019},
}

@article{ WOS:000383104700009,
Author = {Schuster, Michael J. and Smith, Nicholas G. and Dukes, Jeffrey S.},
Title = {Responses of aboveground C and N pools to rainfall variability and
   nitrogen deposition are mediated by seasonal precipitation and plant
   community dynamics},
Journal = {BIOGEOCHEMISTRY},
Year = {2016},
Volume = {129},
Number = {3},
Pages = {389-400},
Month = {SEP},
DOI = {10.1007/s10533-016-0240-6},
ISSN = {0168-2563},
EISSN = {1573-515X},
ResearcherID-Numbers = {Dukes, Jeffrey/AAD-8791-2019
   Smith, Nicholas/B-7126-2015
   Smith, Nick/AAH-9447-2019
   },
ORCID-Numbers = {Smith, Nicholas/0000-0001-7048-4387
   Smith, Nick/0000-0001-7048-4387
   Schuster, Michael/0000-0001-8978-2608
   Dukes, Jeffrey/0000-0001-9482-7743},
Unique-ID = {WOS:000383104700009},
}

@article{ WOS:000279405100016,
Author = {Seymour, Colleen L. and Milton, Suzanne J. and Joseph, Grant S. and
   Dean, W. Richard J. and Ditlhobolo, Tsholofelo and Cumming, Graeme S.},
Title = {Twenty years of rest returns grazing potential, but not palatable plant
   diversity, to Karoo rangeland, South Africa},
Journal = {JOURNAL OF APPLIED ECOLOGY},
Year = {2010},
Volume = {47},
Number = {4},
Pages = {859-867},
Month = {AUG},
DOI = {10.1111/j.1365-2664.2010.01833.x},
ISSN = {0021-8901},
ResearcherID-Numbers = {Cumming, Graeme S./B-6551-2008
   },
ORCID-Numbers = {Cumming, Graeme S./0000-0002-3678-1326
   Milton, Suzanne Jane/0000-0003-4390-6040
   Seymour, Colleen/0000-0002-6729-2576},
Unique-ID = {WOS:000279405100016},
}

@article{ WOS:000301311300001,
Author = {Walter, Julia and Grant, Kerstin and Beierkuhnlein, Carl and Kreyling,
   Juergen and Weber, Michael and Jentsch, Anke},
Title = {Increased rainfall variability reduces biomass and forage quality of
   temperate grassland largely independent of mowing frequency},
Journal = {AGRICULTURE ECOSYSTEMS \& ENVIRONMENT},
Year = {2012},
Volume = {148},
Pages = {1-10},
Month = {FEB 15},
DOI = {10.1016/j.agee.2011.11.015},
ISSN = {0167-8809},
EISSN = {1873-2305},
ResearcherID-Numbers = {Beierkuhnlein, Carl/ABF-9693-2021
   Beierkuhnlein, Carl/ABF-8797-2021
   Kreyling, Juergen/G-4697-2018
   Kreyling, Juergen/E-8178-2012},
ORCID-Numbers = {Beierkuhnlein, Carl/0000-0002-6456-4628
   Kreyling, Juergen/0000-0001-8489-7289
   Kreyling, Juergen/0000-0001-8489-7289},
Unique-ID = {WOS:000301311300001},
}

@article{ WOS:000303230900006,
Author = {Farina, Roberto and Beneduzi, Anelise and Ambrosini, Adriana and de
   Camposa, Samanta B. and Lisboa, Bruno Brito and Wendisch, Volker and
   Vargas, Luciano K. and Passaglia, Luciane M. P.},
Title = {Diversity of plant growth-promoting rhizobacteria communities associated
   with the stages of canola growth},
Journal = {APPLIED SOIL ECOLOGY},
Year = {2012},
Volume = {55},
Pages = {44-52},
Month = {APR},
DOI = {10.1016/j.apsoil.2011.12.011},
ISSN = {0929-1393},
EISSN = {1873-0272},
ResearcherID-Numbers = {Passaglia, Luciane M. P./L-1542-2015
   Lisboa, Bruno Brito/P-2840-2015
   lk, Vargas/E-3758-2012
   Beneduzi, Anelise/T-8399-2019
   Beneduzi, Anelise/H-9642-2017
   Ambrosini, Adriana/I-9140-2016
   Bruno Lisboa, BB Bruno Brito Lisboa/D-7303-2015
   Wendisch, Volker F./M-5940-2016
   },
ORCID-Numbers = {Lisboa, Bruno Brito/0000-0003-3258-2300
   lk, Vargas/0000-0002-1721-1061
   Beneduzi, Anelise/0000-0002-1733-5507
   Beneduzi, Anelise/0000-0002-1733-5507
   Ambrosini, Adriana/0000-0003-2545-3332
   Wendisch, Volker F./0000-0003-3473-0012
   Bolzan de Campos, Samanta/0000-0003-2218-5328},
Unique-ID = {WOS:000303230900006},
}

@article{ WOS:000397559100004,
Author = {Sternberg, Marcelo and Golodets, Carly and Gutman, Mario and
   Perevolotsky, Avi and Kigel, Jaime and Henkin, Zalmen},
Title = {No precipitation legacy effects on above-ground net primary production
   and species diversity in grazed Mediterranean grassland: a 21-year
   experiment},
Journal = {JOURNAL OF VEGETATION SCIENCE},
Year = {2017},
Volume = {28},
Number = {2},
Pages = {260-269},
Month = {MAR},
DOI = {10.1111/jvs.12478},
ISSN = {1100-9233},
EISSN = {1654-1103},
ResearcherID-Numbers = {Sternberg, Marcelo/AFQ-1615-2022
   },
ORCID-Numbers = {Sternberg, Marcelo/0000-0001-8710-4141
   Golodets, Carly/0000-0001-6509-9716},
Unique-ID = {WOS:000397559100004},
}

@article{ WOS:000405174300012,
Author = {Schuster, Michael J. and Dukes, Jeffrey S.},
Title = {Rainfall variability counteracts N addition by promoting invasive
   Lonicera maackii and extending phenology in prairie},
Journal = {ECOLOGICAL APPLICATIONS},
Year = {2017},
Volume = {27},
Number = {5},
Pages = {1555-1563},
Month = {JUL},
DOI = {10.1002/eap.1547},
ISSN = {1051-0761},
EISSN = {1939-5582},
ResearcherID-Numbers = {Dukes, Jeffrey/AAD-8791-2019
   },
ORCID-Numbers = {Schuster, Michael/0000-0001-8978-2608
   Dukes, Jeffrey/0000-0001-9482-7743},
Unique-ID = {WOS:000405174300012},
}

@article{ WOS:000325370200021,
Author = {Avolio, Meghan L. and Smith, Melinda D.},
Title = {Correlations between genetic and species diversity: effects of resource
   quantity and heterogeneity},
Journal = {JOURNAL OF VEGETATION SCIENCE},
Year = {2013},
Volume = {24},
Number = {6},
Pages = {1185-1194},
Month = {NOV},
DOI = {10.1111/jvs.12042},
ISSN = {1100-9233},
EISSN = {1654-1103},
ResearcherID-Numbers = {Smith, Melinda D/J-8987-2014
   },
ORCID-Numbers = {Avolio, Meghan/0000-0002-2649-9159},
Unique-ID = {WOS:000325370200021},
}

@article{ WOS:000354900700002,
Author = {Xi, Nianxun and Carrere, Pascal and Bloor, Juliette M. G.},
Title = {Plant community responses to precipitation and spatial pattern of
   nitrogen supply in an experimental grassland ecosystem},
Journal = {OECOLOGIA},
Year = {2015},
Volume = {178},
Number = {2},
Pages = {329-338},
Month = {JUN},
DOI = {10.1007/s00442-015-3289-3},
ISSN = {0029-8549},
EISSN = {1432-1939},
ResearcherID-Numbers = {Bloor, Juliette/ABB-9687-2021
   },
ORCID-Numbers = {Xi, Nianxun/0000-0002-1711-3875
   Bloor, Juliette M.G./0000-0002-8668-1323},
Unique-ID = {WOS:000354900700002},
}

@article{ WOS:000417063300005,
Author = {Grant, Kerstin and Kreyling, Juergen and Beierkuhnlein, Carl and
   Jentsch, Anke},
Title = {Importance of Seasonality for the Response of a Mesic Temperate
   Grassland to Increased Precipitation Variability and Warming},
Journal = {ECOSYSTEMS},
Year = {2017},
Volume = {20},
Number = {8},
Pages = {1454-1467},
Month = {DEC},
DOI = {10.1007/s10021-017-0122-3},
ISSN = {1432-9840},
EISSN = {1435-0629},
ResearcherID-Numbers = {Beierkuhnlein, Carl/ABF-9693-2021
   Kreyling, Juergen/G-4697-2018
   Beierkuhnlein, Carl/ABF-8797-2021},
ORCID-Numbers = {Beierkuhnlein, Carl/0000-0002-6456-4628
   Kreyling, Juergen/0000-0001-8489-7289
   },
Unique-ID = {WOS:000417063300005},
}

@article{ WOS:000413145900006,
Author = {Kreyling, Juergen and Dengler, Juergen and Walter, Julia and Velev,
   Nikolay and Ugurlu, Emin and Sopotlieva, Desislava and Ransijn, Johannes
   and Picon-Cochard, Catherine and Nijs, Ivan and Hernandez, Pauline and
   Guler, Behlul and von Gillhaussen, Philipp and De Boeck, Hans J. and
   Bloor, Juliette M. G. and Berwaers, Sigi and Beierkuhnlein, Carl and
   Arfin Khan, Mohammed A. S. and Apostolova, Iva and Altan, Yasin and
   Zeiter, Michaela and Wellstein, Camilla and Sternberg, Marcelo and
   Stampfli, Andreas and Campetella, Giandiego and Bartha, Sandor and Bahn,
   Michael and Jentsch, Anke},
Title = {Species richness effects on grassland recovery from drought depend on
   community productivity in a multisite experiment},
Journal = {ECOLOGY LETTERS},
Year = {2017},
Volume = {20},
Number = {11},
Pages = {1405-1413},
Month = {NOV},
DOI = {10.1111/ele.12848},
ISSN = {1461-023X},
EISSN = {1461-0248},
ResearcherID-Numbers = {Sternberg, Marcelo/AFQ-1615-2022
   Sopotlieva, Desislava/ABB-5654-2020
   Sopotlieva, Desislava/AAH-3194-2020
   Güler, Behlül/AAA-1666-2019
   Velev, Nikolay/AAI-2016-2019
   Bahn, Michael/I-3536-2013
   Beierkuhnlein, Carl/ABF-8797-2021
   Kreyling, Juergen/G-4697-2018
   Beierkuhnlein, Carl/ABF-9693-2021
   Sopotlieva, Desislava/HMW-0292-2023
   Apostolova, Iva/AET-0431-2022
   De Boeck, Hans/N-6153-2016
   Zeiter, Michaela/HDM-3684-2022
   Dengler, Jürgen/B-6604-2008
   Bloor, Juliette/ABB-9687-2021
   Stampfli, Andreas/ABC-7644-2021
   Picon-Cochard, Catherine/J-3954-2013},
ORCID-Numbers = {Sternberg, Marcelo/0000-0001-8710-4141
   Sopotlieva, Desislava/0000-0002-9281-7039
   Güler, Behlül/0000-0003-2638-4340
   Velev, Nikolay/0000-0001-6812-3670
   Bahn, Michael/0000-0001-7482-9776
   Kreyling, Juergen/0000-0001-8489-7289
   Beierkuhnlein, Carl/0000-0002-6456-4628
   Apostolova, Iva/0000-0002-2701-175X
   De Boeck, Hans/0000-0003-2180-8837
   Zeiter, Michaela/0000-0002-6772-5378
   Dengler, Jürgen/0000-0003-3221-660X
   Stampfli, Andreas/0000-0002-5517-1363
   Wellstein, Camilla/0000-0001-6994-274X
   Bloor, Juliette M.G./0000-0002-8668-1323
   Arfin Khan, Mohammed Abu Sayed/0000-0001-6275-7023
   Nijs, Ivan/0000-0003-3111-680X
   Campetella, Giandiego/0000-0001-6126-522X
   Picon-Cochard, Catherine/0000-0001-7728-8936},
Unique-ID = {WOS:000413145900006},
}

@article{ WOS:000394587000018,
Author = {Dudney, Joan and Hallett, Lauren M. and Larios, Loralee and Farrer,
   Emily C. and Spotswood, Erica N. and Stein, Claudia and Suding,
   Katharine N.},
Title = {Lagging behind: have we overlooked previous-year rainfall effects in
   annual grasslands?},
Journal = {JOURNAL OF ECOLOGY},
Year = {2017},
Volume = {105},
Number = {2},
Pages = {484-495},
Month = {MAR},
DOI = {10.1111/1365-2745.12671},
ISSN = {0022-0477},
EISSN = {1365-2745},
ResearcherID-Numbers = {HALLETT, LAUREN M/R-1560-2017
   Spotswood, Erica/HJI-9428-2023
   Farrer, Emily/AAD-4639-2020
   Dudney, Joan/AAW-7695-2021
   Suding, Katharine/O-6290-2017
   Stein, Claudia/AAV-8970-2020
   },
ORCID-Numbers = {HALLETT, LAUREN M/0000-0002-0718-0257
   Farrer, Emily/0000-0001-8003-8831
   Suding, Katharine/0000-0002-5357-0176
   Stein, Claudia/0000-0002-9586-8587},
Unique-ID = {WOS:000394587000018},
}

@article{ WOS:000384272800007,
Author = {Bilton, Mark C. and Metz, Johannes and Tielboerger, Katja},
Title = {Climatic niche groups: A novel application of a common assumption
   predicting plant community response to climate change},
Journal = {PERSPECTIVES IN PLANT ECOLOGY EVOLUTION AND SYSTEMATICS},
Year = {2016},
Volume = {19},
Pages = {61-69},
Month = {APR},
DOI = {10.1016/j.ppees.2016.02.006},
ISSN = {1433-8319},
Unique-ID = {WOS:000384272800007},
}

@article{ WOS:000263888200012,
Author = {Perez-Camacho, Lorenzo and Rebollo, Salvador},
Title = {Are irrigation and grazing effects transferred, accumulated, or
   counteracted during plant recruitment?},
Journal = {PLANT ECOLOGY},
Year = {2009},
Volume = {201},
Number = {2},
Pages = {501-515},
Month = {APR},
DOI = {10.1007/s11258-008-9494-y},
ISSN = {1385-0237},
EISSN = {1573-5052},
ResearcherID-Numbers = {Pérez-Camacho, Lorenzo/L-6093-2014
   Rebollo, Salvador/L-6451-2014
   },
ORCID-Numbers = {Rebollo, Salvador/0000-0001-8797-1122
   Perez-Camacho, Lorenzo/0000-0002-0723-055X},
Unique-ID = {WOS:000263888200012},
}

@article{ WOS:000555546700003,
Author = {Pugnaire, I, Francisco and Piston, Nuria and Macek, Petr and Schob,
   Christian and Estruch, Carme and Armas, Cristina},
Title = {Warming enhances growth but does not affect plant interactions in an
   alpine cushion species},
Journal = {PERSPECTIVES IN PLANT ECOLOGY EVOLUTION AND SYSTEMATICS},
Year = {2020},
Volume = {44},
Month = {JUN},
DOI = {10.1016/j.ppees.2020.125530},
Article-Number = {125530},
ISSN = {1433-8319},
ResearcherID-Numbers = {Armas, Cristina/A-1128-2012
   Macek, Petr/AAK-7805-2020
   Schöb, Christian/B-6083-2008
   Caballero, Nuria Pistón/K-3040-2017
   Macek, Petr/F-5593-2011
   Caballero, Nuria Pistón/AAG-9662-2020
   Pugnaire, Francisco I./A-7150-2008},
ORCID-Numbers = {Armas, Cristina/0000-0003-0356-8075
   Macek, Petr/0000-0002-4792-9461
   Schöb, Christian/0000-0003-4472-2286
   Caballero, Nuria Pistón/0000-0003-4946-9945
   Macek, Petr/0000-0002-4792-9461
   Caballero, Nuria Pistón/0000-0003-4946-9945
   Estruch, Carme/0000-0002-9390-2016
   Pugnaire, Francisco I./0000-0002-1227-6827},
Unique-ID = {WOS:000555546700003},
}

@incollection{ WOS:000271458700012,
Author = {Perez-Camacho, Lorenzo and Rebollo, Salvador},
Editor = {VanderValk, AG},
Title = {Are irrigation and grazing effects transferred, accumulated, or
   counteracted during plant recruitment?},
Booktitle = {HERBACEOUS PLANT ECOLOGY: RECENT ADVANCES IN PLANT ECOLOGY},
Year = {2009},
Pages = {137-151},
DOI = {10.1007/978-90-481-2798-6\_12},
ISBN = {978-90-481-2797-9},
ResearcherID-Numbers = {Pérez-Camacho, Lorenzo/L-6093-2014
   Rebollo, Salvador/L-6451-2014
   },
ORCID-Numbers = {Rebollo, Salvador/0000-0001-8797-1122
   Perez-Camacho, Lorenzo/0000-0002-0723-055X},
Unique-ID = {WOS:000271458700012},
}

@article{ WOS:000388009000002,
Author = {Moradi, Ezatollah and Heshmati, Gholam Ali and Ghilishli, Fatemeh and
   Mirdeilami, Seyyedeh Zohreh and Pessarakli, Mohammad},
Title = {Grazing intensity and environmental factors effects on species
   composition and diversity in rangelands of Iran},
Journal = {JOURNAL OF PLANT NUTRITION},
Year = {2016},
Volume = {39},
Number = {14},
Pages = {2002-2014},
DOI = {10.1080/01904167.2016.1161780},
ISSN = {0190-4167},
EISSN = {1532-4087},
ORCID-Numbers = {Pessarakli, Mohammad/0000-0002-7662-2258},
Unique-ID = {WOS:000388009000002},
}

@article{ WOS:000503880300013,
Author = {Yang, Xuejun and Huang, Zhenying and Dong, Ming and Ye, Xuehua and Liu,
   Guofang and Hu, Dandan and Tuvshintogtokh, Indree and Tumenjargal,
   Tsogtsaikhan and Cornelissen, J. Hans C.},
Title = {Responses of community structure and diversity to nitrogen deposition
   and rainfall addition in contrasting steppes are ecosystem-dependent and
   dwarfed by year-to-year community dynamics},
Journal = {ANNALS OF BOTANY},
Year = {2019},
Volume = {124},
Number = {3},
Pages = {461-469},
Month = {AUG 16},
DOI = {10.1093/aob/mcz098},
ISSN = {0305-7364},
EISSN = {1095-8290},
ResearcherID-Numbers = {Yang, Xuejun/B-4718-2014
   Ye, Xuehua/I-3116-2013
   },
ORCID-Numbers = {Yang, Xuejun/0000-0002-8595-545X
   Ye, Xuehua/0000-0002-5625-9877
   Tsogtsaikhan, Tumenjargal/0000-0003-4308-9650
   Indree, Tuvshintogtokh/0000-0002-3801-3806},
Unique-ID = {WOS:000503880300013},
}

@article{ WOS:000380746000003,
Author = {Copeland, Stella M. and On, Susan P. Harris and Latimer, Andrew M. and
   Damschen, Ellen I. and Eskelinen, Anu M. and Fernandez-Going, Barbara
   and Spasojevic, Marko J. and Anacker, Brian L. and Thorne, James H.},
Title = {Ecological effects of extreme drought on Californian herbaceous plant
   communities},
Journal = {ECOLOGICAL MONOGRAPHS},
Year = {2016},
Volume = {86},
Number = {3},
Pages = {295-311},
Month = {AUG},
DOI = {10.1002/ecm.1218},
ISSN = {0012-9615},
EISSN = {1557-7015},
ResearcherID-Numbers = {Copeland, Stella/X-5828-2019
   SPASOJEVIC, MARKO/AAO-4307-2020
   Copeland, Stella/GRS-5992-2022
   },
ORCID-Numbers = {SPASOJEVIC, MARKO/0000-0003-1808-0048
   Thorne, James/0000-0002-9130-9921
   Latimer, Andrew/0000-0001-8098-0448},
Unique-ID = {WOS:000380746000003},
}

@article{ WOS:000451940900001,
Author = {Nogueira, Carla and Nunes, Alice and Bugalho, Miguel N. and Branquinho,
   Cristina and McCulley, Rebecca L. and Caldeira, Maria Conceicao},
Title = {Nutrient Addition and Drought Interact to Change the Structure and
   Decrease the Functional Diversity of a Mediterranean Grassland},
Journal = {FRONTIERS IN ECOLOGY AND EVOLUTION},
Year = {2018},
Volume = {6},
Month = {OCT 5},
DOI = {10.3389/fevo.2018.00155},
Article-Number = {155},
ISSN = {2296-701X},
ResearcherID-Numbers = {Branquinho, Cristina/B-3670-2008
   Nunes, Alice M.R./B-4817-2014
   Nogueira, Carla/A-2540-2019
   Bugalho, Miguel N/J-2993-2013
   Caldeira, Maria/D-4107-2013},
ORCID-Numbers = {Branquinho, Cristina/0000-0001-8294-7924
   Nunes, Alice M.R./0000-0002-6900-3838
   Nogueira, Carla/0000-0002-6581-1678
   Bugalho, Miguel N/0000-0002-7081-657X
   Caldeira, Maria/0000-0002-3586-8526},
Unique-ID = {WOS:000451940900001},
}

@article{ WOS:000089599600013,
Author = {Pugnaire, FI and Lazaro, R},
Title = {Seed bank and understorey species composition in a semi-arid
   environment: The effect of shrub age and rainfall},
Journal = {ANNALS OF BOTANY},
Year = {2000},
Volume = {86},
Number = {4},
Pages = {807-813},
Month = {OCT},
DOI = {10.1006/anbo.2000.1240},
ISSN = {0305-7364},
ResearcherID-Numbers = {Suau, Roberto Lázaro/S-1428-2019
   Lázaro, Roberto/D-3479-2013
   Pugnaire, Francisco I./A-7150-2008},
ORCID-Numbers = {Suau, Roberto Lázaro/0000-0001-7940-9594
   Lázaro, Roberto/0000-0001-7940-9594
   Pugnaire, Francisco I./0000-0002-1227-6827},
Unique-ID = {WOS:000089599600013},
}

@article{ WOS:000290493600011,
Author = {Matias, Luis and Zamora, Regino and Castro, Jorge},
Title = {Repercussions of Simulated Climate Change on the Diversity of
   Woody-Recruit Bank in a Mediterranean-type Ecosystem},
Journal = {ECOSYSTEMS},
Year = {2011},
Volume = {14},
Number = {4},
Pages = {672-682},
Month = {JUN},
DOI = {10.1007/s10021-011-9437-7},
ISSN = {1432-9840},
EISSN = {1435-0629},
ResearcherID-Numbers = {Zamora, Regino/B-3179-2010
   Castro, Jorge/M-1509-2014
   Matias, Luis/K-6761-2014
   Matias, Luis/B-4340-2011
   Matias, Luis/K-6761-2014},
ORCID-Numbers = {Zamora, Regino/0000-0002-5049-9968
   Castro, Jorge/0000-0002-6362-2240
   Matias, Luis/0000-0001-5603-5390
   Matias, Luis/0000-0002-6245-1857},
Unique-ID = {WOS:000290493600011},
}

@article{ WOS:000368997600001,
Author = {Jones, Sydney K. and Collins, Scott L. and Blair, John M. and Smith,
   Melinda D. and Knapp, Alan K.},
Title = {Altered rainfall patterns increase forb abundance and richness in native
   tallgrass prairie},
Journal = {SCIENTIFIC REPORTS},
Year = {2016},
Volume = {6},
Month = {FEB 1},
DOI = {10.1038/srep20120},
Article-Number = {20120},
ISSN = {2045-2322},
ResearcherID-Numbers = {Smith, Melinda D/J-8987-2014
   Collins, Scott L/P-7742-2014
   Blair, John M/I-4082-2014},
ORCID-Numbers = {Collins, Scott L/0000-0002-0193-2892
   Blair, John M/0000-0003-0072-0721},
Unique-ID = {WOS:000368997600001},
}

@article{ WOS:000451909200006,
Author = {Fahey, Catherine and Angelini, Christine and Flory, S. Luke},
Title = {Grass invasion and drought interact to alter the diversity and structure
   of native plant communities},
Journal = {ECOLOGY},
Year = {2018},
Volume = {99},
Number = {12},
Pages = {2692-2702},
Month = {DEC},
DOI = {10.1002/ecy.2536},
ISSN = {0012-9658},
EISSN = {1939-9170},
ResearcherID-Numbers = {Fahey, Catherine/AAA-1771-2019},
ORCID-Numbers = {Fahey, Catherine/0000-0002-6987-0456},
Unique-ID = {WOS:000451909200006},
}

@article{ WOS:000257228400002,
Author = {Meier, Christoph and Wehrli, Bernhard and van der Meer, Jan Roelof},
Title = {Seasonal fluctuations of bacterial community diversity in agricultural
   soil and experimental validation by laboratory disturbance experiments},
Journal = {MICROBIAL ECOLOGY},
Year = {2008},
Volume = {56},
Number = {2},
Pages = {210-222},
Month = {AUG},
DOI = {10.1007/s00248-007-9337-8},
ISSN = {0095-3628},
EISSN = {1432-184X},
ResearcherID-Numbers = {Wehrli, Bernhard/B-4420-2008
   Wehrli, Bernhard/M-3847-2019
   Wehrli, Bernhard/A-4406-2013
   van der Meer, Jan Roelof/G-6610-2012},
ORCID-Numbers = {Wehrli, Bernhard/0000-0001-7029-1972
   Wehrli, Bernhard/0000-0001-7029-1972
   Wehrli, Bernhard/0000-0001-7029-1972
   van der Meer, Jan Roelof/0000-0003-1485-3082},
Unique-ID = {WOS:000257228400002},
}

@article{ WOS:000348730600021,
Author = {O'Brien, Michael J. and Burslem, David F. R. P. and Caduff, Alexa and
   Tay, John and Hector, Andy},
Title = {Contrasting nonstructural carbohydrate dynamics of tropical tree
   seedlings under water deficit and variability},
Journal = {NEW PHYTOLOGIST},
Year = {2015},
Volume = {205},
Number = {3},
Pages = {1083-1094},
Month = {FEB},
DOI = {10.1111/nph.13134},
ISSN = {0028-646X},
EISSN = {1469-8137},
ResearcherID-Numbers = {Hector, Andrew/H-4199-2011
   O'Brien, Michael/V-6548-2017
   Burslem, David FRP/F-1204-2019
   },
ORCID-Numbers = {Hector, Andrew/0000-0002-1309-7716
   O'Brien, Michael/0000-0003-0943-8423
   Burslem, David FRP/0000-0001-6033-0990
   Caduff, Alexa/0000-0002-9008-6148},
Unique-ID = {WOS:000348730600021},
}

@article{ WOS:000335871000002,
Author = {Grant, Kerstin and Kreyling, Juergen and Dienstbach, Laura F. H. and
   Beierkuhnlein, Carl and Jentsch, Anke},
Title = {Water stress due to increased intra-annual precipitation variability
   reduced forage yield but raised forage quality of a temperate grassland},
Journal = {AGRICULTURE ECOSYSTEMS \& ENVIRONMENT},
Year = {2014},
Volume = {186},
Pages = {11-22},
Month = {MAR 15},
DOI = {10.1016/j.agee.2014.01.013},
ISSN = {0167-8809},
EISSN = {1873-2305},
ResearcherID-Numbers = {Kreyling, Juergen/G-4697-2018
   Beierkuhnlein, Carl/ABF-8797-2021
   Beierkuhnlein, Carl/ABF-9693-2021},
ORCID-Numbers = {Kreyling, Juergen/0000-0001-8489-7289
   Beierkuhnlein, Carl/0000-0002-6456-4628},
Unique-ID = {WOS:000335871000002},
}

@article{ WOS:000339242700081,
Author = {Pakeman, Robin J.},
Title = {Leaf Dry Matter Content Predicts Herbivore Productivity, but Its
   Functional Diversity Is Positively Related to Resilience in Grasslands},
Journal = {PLOS ONE},
Year = {2014},
Volume = {9},
Number = {7},
Month = {JUL 8},
DOI = {10.1371/journal.pone.0101876},
Article-Number = {e101876},
ISSN = {1932-6203},
ResearcherID-Numbers = {Pakeman, Robin Jeffrey/P-7338-2015},
ORCID-Numbers = {Pakeman, Robin Jeffrey/0000-0001-6248-4133},
Unique-ID = {WOS:000339242700081},
}

@article{ WOS:000551125100010,
Author = {Komainda, Martin and Kuechenmeister, Frank and Kuechenmeister, Kai and
   Kayser, Manfred and Wrage-Moennig, Nicole and Isselstein, Johannes},
Title = {Drought tolerance is determined by species identity and functional group
   diversity rather than by species diversity within multi-species swards},
Journal = {EUROPEAN JOURNAL OF AGRONOMY},
Year = {2020},
Volume = {119},
Month = {SEP},
DOI = {10.1016/j.eja.2020.126116},
Article-Number = {126116},
ISSN = {1161-0301},
EISSN = {1873-7331},
ResearcherID-Numbers = {Komainda, Martin/AAL-8019-2021
   Wrage-Moennig, Nicole/AAC-7894-2020},
ORCID-Numbers = {Komainda, Martin/0000-0001-6284-4506
   Wrage-Moennig, Nicole/0000-0002-3319-5655},
Unique-ID = {WOS:000551125100010},
}

@article{ WOS:000426504400028,
Author = {Harrison, Susan P. and LaForgia, Marina L. and Latimer, Andrew M.},
Title = {Climate-driven diversity change in annual grasslands: Drought plus
   deluge does not equal normal},
Journal = {GLOBAL CHANGE BIOLOGY},
Year = {2018},
Volume = {24},
Number = {4},
Pages = {1782-1792},
Month = {APR},
DOI = {10.1111/gcb.14018},
ISSN = {1354-1013},
EISSN = {1365-2486},
Unique-ID = {WOS:000426504400028},
}

@article{ WOS:000605980100009,
Author = {Hounkpevi, Achille and Salako, Valere Kolawole and Donhouede, Janine
   Conforte Fifonssi and Dai, Emilienne Houevo and Tovissode, Frederic and
   Kakai, Romain Glele and Assogbadjo, Achille Ephrem},
Title = {Natural intraspecific trait variation patterns of the wild soursop
   Annona senegalensis (Annonaceae) along a climatic gradient in Benin,
   West Africa},
Journal = {PLANT ECOLOGY AND EVOLUTION},
Year = {2020},
Volume = {153},
Number = {3},
Pages = {455-465},
Month = {NOV 23},
DOI = {10.5091/plecevo.2020.1576},
ISSN = {2032-3913},
EISSN = {2032-3921},
ResearcherID-Numbers = {Hounkpevi, Achille/S-1320-2017
   },
ORCID-Numbers = {Hounkpevi, Achille/0000-0002-6017-9343
   Tovissode, Chenangnon Frederic/0000-0002-3685-3043},
Unique-ID = {WOS:000605980100009},
}

@article{ WOS:000865883600001,
Author = {Miao, Renhui and Miao, Yuan and Liu, Yuli and Guo, Meixia and Fu,
   Guangya and Xiao, Rui and Yang, Zhongling and Li, Guoyong and Chen,
   Zhijie and Han, Shijie},
Title = {Late-season drought exerts more negative effects on plant diversity and
   cover than early-season drought through changing soil moisture in a
   semi-arid grassland},
Journal = {JOURNAL OF VEGETATION SCIENCE},
Year = {2022},
Volume = {33},
Number = {5},
Month = {SEP},
DOI = {10.1111/jvs.13151},
Article-Number = {e13151},
ISSN = {1100-9233},
EISSN = {1654-1103},
ORCID-Numbers = {yang, zhong ling/0000-0001-6346-1582
   Chen, Zhijie/0000-0002-3480-6171},
Unique-ID = {WOS:000865883600001},
}
